@article{michell,
author = "T. Michell",
title = 0,
journal = 1,
year = 1997,
volume = 0,
number = 0,
}

@article{geofront,
author = "David J. Lary and Amir H. Alavi and Amir H. Gandomi and Annette L. Walker",
title = "Machine learning in geosciences and remote sensing",
journal = "Geoscience Frontiers",
year = "2015",
pages = "3-10"
}

@online{wegman,
  author       = {Anuj Karpatne and Imme Ebert-Uphoff and Sai Ravela and Hassan Ali Babaie and Vipin Kumar},
  title        = {Machine Learning for the Geosciences: Challenges and Opportunities},
  date         = {2017-11-21},
  version      = 1,
  eprinttype   = {arxiv},
  eprint       = {1711.08004},
  eprintclass  = {hep-ph},
}



@online{machgeo,
  author       = {Anuj Karpatne and Imme Ebert-Uphoff and Sai Ravela and Hassan Ali Babaie and Vipin Kumar},
  title        = {Machine Learning for the Geosciences: Challenges and Opportunities},
  date         = {2017-11-13},
  version      = 1,
  eprinttype   = {arxiv},
  eprint       = {1711.04708},
}

