%% LaTeX2e file `testbib.bib'
%% generated by the `filecontents' environment
%% from source `main' on 2018/09/09.
%%
@book{einname2014:superduper,
  author    = {Ein Name} ,
  title     = {Der Superduper Titel} ,
  edition   = {1. Ausgabe} ,
  year      = {2014} ,
  publisher = {Heimverlag}
}
